@misc{https://doi.org/10.48550/arxiv.2203.10168,
  doi       = {10.48550/ARXIV.2203.10168},
  url       = {https://arxiv.org/abs/2203.10168},
  author    = {Burnett, Keenan and Yoon, David J. and Wu, Yuchen and Li, Andrew Zou and Zhang, Haowei and Lu, Shichen and Qian, Jingxing and Tseng, Wei-Kang and Lambert, Andrew and Leung, Keith Y. K. and Schoellig, Angela P. and Barfoot, Timothy D.},
  keywords  = {Robotics (cs.RO), FOS: Computer and information sciences, FOS: Computer and information sciences},
  title     = {Boreas: A Multi-Season Autonomous Driving Dataset},
  publisher = {arXiv},
  year      = {2022},
  copyright = {arXiv.org perpetual, non-exclusive license}
}
