@article{9835037,
  author  = {Burnett, Keenan and Wu, Yuchen and Yoon, David J. and Schoellig, Angela P. and Barfoot, Timothy D.},
  journal = {IEEE Robotics and Automation Letters},
  title   = {Are We Ready for Radar to Replace Lidar in All-Weather Mapping and Localization?},
  year    = {2022},
  volume  = {7},
  number  = {4},
  pages   = {10328-10335},
  doi     = {10.1109/LRA.2022.3192885}
}
