@misc{https://doi.org/10.48550/arxiv.2211.02047,
  doi       = {10.48550/ARXIV.2211.02047},
  url       = {https://arxiv.org/abs/2211.02047},
  author    = {Sehn, Jordy and Wu, Yuchen and Barfoot, Timothy D.},
  keywords  = {Robotics (cs.RO), FOS: Computer and information sciences, FOS: Computer and information sciences},
  title     = {Along Similar Lines: Local Obstacle Avoidance for Long-term Autonomous Path Following},
  publisher = {arXiv},
  year      = {2022},
  copyright = {arXiv.org perpetual, non-exclusive license}
}