@inproceedings{9561333,
  author    = {Wu, Yuchen and Mozifian, Melissa and Shkurti, Florian},
  booktitle = {2021 IEEE International Conference on Robotics and Automation (ICRA)},
  title     = {Shaping Rewards for Reinforcement Learning with Imperfect Demonstrations using Generative Models},
  year      = {2021},
  pages     = {6628-6634},
  doi       = {10.1109/ICRA48506.2021.9561333}
}