@misc{https://doi.org/10.48550/arxiv.2209.03304,
  doi       = {10.48550/ARXIV.2209.03304},
  url       = {https://arxiv.org/abs/2209.03304},
  author    = {Wu, Yuchen and Yoon, David J. and Burnett, Keenan and Kammel, Soeren and Chen, Yi and Vhavle, Heethesh and Barfoot, Timothy D.},
  keywords  = {Robotics (cs.RO), FOS: Computer and information sciences, FOS: Computer and information sciences},
  title     = {Picking Up Speed: Continuous-Time Lidar-Only Odometry using Doppler Velocity Measurements},
  publisher = {arXiv},
  year      = {2022},
  copyright = {arXiv.org perpetual, non-exclusive license}
}